@book{毛泽东1949新民主主义论,
  title={新民主主义论},
  author={毛泽东},
  year={1949},
  publisher={长江出版社}
}